%%%%%%%%%%%%%%%%%%%%%%%%%%%%%%%%%%%%%%%%%%%%%%%%%%%%%%%%%%%%%%%%%%%%%%%%%%%%%,
%                                                                           %,
%  Please keep citations ordered alphabetically by tag to avoid duplicates  %,
%                                                                           %,
%%%%%%%%%%%%%%%%%%%%%%%%%%%%%%%%%%%%%%%%%%%%%%%%%%%%%%%%%%%%%%%%%%%%%%%%%%%%%,

@article{bird1999bruijn,
  title={De Bruijn notation as a nested datatype},
  author={Bird, Richard S and Paterson, Ross},
  journal={Journal of functional programming},
  volume={9},
  number={01},
  pages={77--91},
  year={1999},
  publisher={Cambridge Univ Press},
  url={http://citeseerx.ist.psu.edu/viewdoc/download?doi=10.1.1.217.1225&rep=rep1&type=pdf},
}

@incollection{capretta2007combining,
  title={Combining de Bruijn indices and higher-order abstract syntax in Coq},
  author={Capretta, Venanzio and Felty, Amy P},
  booktitle={Types for Proofs and Programs},
  pages={63--77},
  year={2007},
  publisher={Springer},
  url={http://www.site.uottawa.ca/~afelty/dist/types06.pdf},
}

@incollection{cohen2013pragmatic,
  title={Pragmatic quotient types in coq},
  author={Cohen, Cyril},
  booktitle={Interactive Theorem Proving},
  pages={213--228},
  year={2013},
  publisher={Springer},
  url={http://perso.crans.org/cohen/papers/quotients.pdf},
}

@article{goubault2015full,
  title={Full abstraction for non-deterministic and probabilistic extensions of {PCF} {I}: the angelic cases},
  author={Goubault-Larrecq, Jean},
  journal={Journal of Logic and Algebraic Programming},
  year={2015},
  url={http://www.lsv.ens-cachan.fr/Publis/PAPERS/PDF/jgl-jlap14.pdf},
}

@inproceedings{huet1997finite,
  title={Finite-state transducers as regular B{\"o}hm trees},
  author={Huet, G{\'e}rard and Laulh{\`e}re, Henri},
  booktitle={Theoretical Aspects of Computer Software},
  pages={604--610},
  year={1997},
  organization={Springer},
  url={http://pauillac.inria.fr/~huet/PUBLIC/trans6.pdf},
}

@article{huet1998regular,
  title={Regular b{\"o}hm trees},
  author={Huet, G{\'e}rard},
  journal={Mathematical Structures in Computer Science},
  volume={8},
  number={06},
  pages={671--680},
  year={1998},
  publisher={Cambridge Univ Press},
  url={http://citeseerx.ist.psu.edu/viewdoc/download?doi=10.1.1.123.475&rep=rep1&type=pdf},
}

@book{obermeyer2009automated,
  title={Automated Equational Reasoning in Nondeterministic Lambda-calculi Modulo Theories H*},
  author={Obermeyer, Fritz H},
  year={2009},
  publisher={ProQuest},
  url={http://fritzo.org/thesis.pdf},
}

@article{scott1976data,
  title={Data types as lattices},
  author={Scott, Dana},
  journal={Siam Journal on computing},
  volume={5},
  number={3},
  pages={522--587},
  year={1976},
  publisher={SIAM},
  url={https://www.cs.ox.ac.uk/files/3287/PRG05.pdf},
}
